<record><leader>00000cas a2200000 a 4500</leader><controlfield tag="001">12253905</controlfield><controlfield tag="008">850711d18871891ksudr ne      0    0eng d</controlfield><datafield ind1=" " ind2=" " tag="010"><subfield code="a">sn 85031540 </subfield></datafield><datafield ind1=" " ind2=" " tag="040"><subfield code="a">KSH</subfield><subfield code="b">eng</subfield><subfield code="c">KSH</subfield><subfield code="d">NPT</subfield><subfield code="d">OCL</subfield><subfield code="d">OCLCQ</subfield></datafield><datafield ind1=" " ind2=" " tag="042"><subfield code="a">msc</subfield></datafield><datafield ind1="0" ind2=" " tag="130"><subfield code="a">Parsons daily eclipse (Parsons, Kan. : 1887)</subfield></datafield><datafield ind1="1" ind2="0" tag="245"><subfield code="a">Parsons daily eclipse.</subfield></datafield><datafield ind1=" " ind2=" " tag="260"><subfield code="a">Parsons, Kan. :</subfield><subfield code="b">J.B. Lamb &amp; Son,</subfield><subfield code="c">1887-1891.</subfield></datafield><datafield ind1=" " ind2=" " tag="300"><subfield code="a">4 v. :</subfield><subfield code="b">ill. ;</subfield><subfield code="c">60 cm.</subfield></datafield><datafield ind1=" " ind2=" " tag="310"><subfield code="a">Daily (except Sunday)</subfield></datafield><datafield ind1="0" ind2=" " tag="362"><subfield code="a">Vol. 9, no. 212 (Apr. 18, 1887)-v. 13, no. 139 (Sept. 22, 1891).</subfield></datafield><datafield ind1=" " ind2=" " tag="580"><subfield code="a">Also issued in a weekly edition called: Parsons eclipse; Parsons weekly eclipse &lt;Dec. 11, 1890&gt;-Sept. 22, 1891.</subfield></datafield><datafield ind1=" " ind2=" " tag="752"><subfield code="a">United States</subfield><subfield code="b">Kansas</subfield><subfield code="c">Labette</subfield><subfield code="d">Parsons.</subfield></datafield><datafield ind1="1" ind2=" " tag="775"><subfield code="t">Parsons eclipse</subfield><subfield code="w">(DLC)sn 85031543</subfield></datafield><datafield ind1="1" ind2=" " tag="775"><subfield code="t">Parsons weekly eclipse</subfield><subfield code="w">(DLC)sn 85031544</subfield></datafield><datafield ind1="0" ind2="0" tag="780"><subfield code="t">Daily eclipse (Parsons, Kan. : 1884)</subfield><subfield code="w">(DLC)sn 85031539</subfield></datafield><datafield ind1="0" ind2="0" tag="785"><subfield code="t">Daily eclipse (Parsons, Kan. : 1891)</subfield><subfield code="w">(DLC)sn 85031541</subfield></datafield></record>